<?xml version="1.0" encoding="UTF-8"?><collection xmlns="http://www.loc.gov/MARC21/slim"><record><leader>00433nam--2200133-i-4500</leader><controlfield tag="001">000028159</controlfield><controlfield tag="002">20161230</controlfield><controlfield tag="005">20161230201037</controlfield><controlfield tag="008">060222s1000------------r-----000-0-eng-d</controlfield><datafield ind1=" " ind2=" " tag="080"><subfield code="a">621.039.8</subfield></datafield><datafield ind1=" " ind2=" " tag="100"><subfield code="a">Lawrence, John H., Manowitz, Bernard And Loeb, Benjamin S</subfield></datafield><datafield ind1=" " ind2=" " tag="245"><subfield code="a">Radioisotopes and radiation. recent advances in medicine, agriculture and industry</subfield></datafield><datafield ind1=" " ind2=" " tag="260"><subfield code="a">New York, Mcgraw-hill Book Company, 1964. 131p</subfield></datafield><datafield ind1=" " ind2=" " tag="852"><subfield code="a">49407</subfield></datafield></record></collection>